% This file was created with JabRef 2.10.
% Encoding: Cp1252


@Book{Carter2003,
  Title                    = {Futures and Options Markets: An Introduction},
  Author                   = {Colin A. Carter},
  Publisher                = {Waveland Press, Inc.},
  Year                     = {2003},

  Owner                    = {Seb},
  Timestamp                = {2012.10.30}
}

@TechReport{Mathews2015,
  Title                    = {Mandatory Price Reporting, Market Efficiency, and Price Discovery in Livestock Markets},
  Author                   = {Kenneth H. Mathews Jr. and Wade Brorsen and William F. Hahn and Carlos Arnade and Erik Dohlman},
  Institution              = {USDA Economic Research Service},
  Year                     = {2015}
}

@Misc{mpr,
  Title                    = {Livestock Mandatory Price Reporting},

  Author                   = {{USDA - Agricultural Marketing Service}},
  HowPublished             = {Available at \url{https://www.ams.usda.gov/rules-regulations/mmr/lmr}},
  Year                     = {2018}
}

@Misc{USDA_dom,
  Title                    = {Livestock \& Meat Domestic Data},

  Author                   = {{USDA - Economic Research Service}},
  HowPublished             = {Available at \url{https://www.ers.usda.gov/data-products/livestock-meat-domestic-data/}},
  Year                     = {2018},

  Owner                    = {POULIOT},
  Timestamp                = {2018.09.25}
}

@Misc{usda_trade,
  Title                    = {Livestock and Meat International Trade Data},

  Author                   = {{USDA - Economic Research Service}},
  HowPublished             = {Available line \url{https://www.ers.usda.gov/data-products/livestock-and-meat-international-trade-data/}},
  Year                     = {2018},

  Owner                    = {POULIOT},
  Timestamp                = {2018.09.25}
}

@Misc{USDAreturn,
  Title                    = {Commodity Costs and Returns},

  Author                   = {{USDA - Economic Research Service}},
  HowPublished             = {Available at \url{https://www.ers.usda.gov/data-products/commodity-costs-and-returns/commodity-costs-and-returns/}},
  Year                     = {2018}
}

@Misc{fas,
  Title                    = {Global Agricultural Trade System},

  Author                   = {{USDA - Foreign Agricultural Service}},
  HowPublished             = {Available at \url{https://apps.fas.usda.gov/Gats/default.aspx}},
  Year                     = {2018},

  Owner                    = {POULIOT},
  Timestamp                = {2018.09.24}
}

@Misc{Nass,
  Title                    = {Quick Stats},

  Author                   = {{USDA - National Agricultural Statistics Service}},
  HowPublished             = {Available online at: \url{http://quickstats.nass.usda.gov/}},
  Year                     = {2018},

  Owner                    = {pouliot},
  Timestamp                = {2010.09.13}
}

@comment{jabref-meta: selector_keywords:}

@comment{jabref-meta: selector_journal:}

@comment{jabref-meta: selector_publisher:}

@comment{jabref-meta: selector_author:}

